%YAML 1.1
%TAG !u! tag:unity3d.com,2011:
--- !u!29 &1
OcclusionCullingSettings:
  m_ObjectHideFlags: 0
  serializedVersion: 2
  m_OcclusionBakeSettings:
    smallestOccluder: 5
    smallestHole: 0.25
    backfaceThreshold: 100
  m_SceneGUID: 00000000000000000000000000000000
  m_OcclusionCullingData: {fileID: 0}
--- !u!104 &2
RenderSettings:
  m_ObjectHideFlags: 0
  serializedVersion: 9
  m_Fog: 0
  m_FogColor: {r: 0.5, g: 0.5, b: 0.5, a: 1}
  m_FogMode: 3
  m_FogDensity: 0.01
  m_LinearFogStart: 0
  m_LinearFogEnd: 300
  m_AmbientSkyColor: {r: 0.212, g: 0.227, b: 0.259, a: 1}
  m_AmbientEquatorColor: {r: 0.114, g: 0.125, b: 0.133, a: 1}
  m_AmbientGroundColor: {r: 0.047, g: 0.043, b: 0.035, a: 1}
  m_AmbientIntensity: 1
  m_AmbientMode: 3
  m_SubtractiveShadowColor: {r: 0.42, g: 0.478, b: 0.627, a: 1}
  m_SkyboxMaterial: {fileID: 0}
  m_HaloStrength: 0.5
  m_FlareStrength: 1
  m_FlareFadeSpeed: 3
  m_HaloTexture: {fileID: 0}
  m_SpotCookie: {fileID: 10001, guid: 0000000000000000e000000000000000, type: 0}
  m_DefaultReflectionMode: 0
  m_DefaultReflectionResolution: 128
  m_ReflectionBounces: 1
  m_ReflectionIntensity: 1
  m_CustomReflection: {fileID: 0}
  m_Sun: {fileID: 0}
  m_IndirectSpecularColor: {r: 0, g: 0, b: 0, a: 1}
  m_UseRadianceAmbientProbe: 0
--- !u!157 &3
LightmapSettings:
  m_ObjectHideFlags: 0
  serializedVersion: 12
  m_GIWorkflowMode: 1
  m_GISettings:
    serializedVersion: 2
    m_BounceScale: 1
    m_IndirectOutputScale: 1
    m_AlbedoBoost: 1
    m_EnvironmentLightingMode: 0
    m_EnableBakedLightmaps: 0
    m_EnableRealtimeLightmaps: 0
  m_LightmapEditorSettings:
    serializedVersion: 12
    m_Resolution: 2
    m_BakeResolution: 40
    m_AtlasSize: 1024
    m_AO: 0
    m_AOMaxDistance: 1
    m_CompAOExponent: 1
    m_CompAOExponentDirect: 0
    m_ExtractAmbientOcclusion: 0
    m_Padding: 2
    m_LightmapParameters: {fileID: 0}
    m_LightmapsBakeMode: 1
    m_TextureCompression: 1
    m_FinalGather: 0
    m_FinalGatherFiltering: 1
    m_FinalGatherRayCount: 256
    m_ReflectionCompression: 2
    m_MixedBakeMode: 2
    m_BakeBackend: 0
    m_PVRSampling: 1
    m_PVRDirectSampleCount: 32
    m_PVRSampleCount: 500
    m_PVRBounces: 2
    m_PVREnvironmentSampleCount: 500
    m_PVREnvironmentReferencePointCount: 2048
    m_PVRFilteringMode: 2
    m_PVRDenoiserTypeDirect: 0
    m_PVRDenoiserTypeIndirect: 0
    m_PVRDenoiserTypeAO: 0
    m_PVRFilterTypeDirect: 0
    m_PVRFilterTypeIndirect: 0
    m_PVRFilterTypeAO: 0
    m_PVREnvironmentMIS: 0
    m_PVRCulling: 1
    m_PVRFilteringGaussRadiusDirect: 1
    m_PVRFilteringGaussRadiusIndirect: 5
    m_PVRFilteringGaussRadiusAO: 2
    m_PVRFilteringAtrousPositionSigmaDirect: 0.5
    m_PVRFilteringAtrousPositionSigmaIndirect: 2
    m_PVRFilteringAtrousPositionSigmaAO: 1
    m_ExportTrainingData: 0
    m_TrainingDataDestination: TrainingData
    m_LightProbeSampleCountMultiplier: 4
  m_LightingDataAsset: {fileID: 0}
  m_LightingSettings: {fileID: 0}
--- !u!196 &4
NavMeshSettings:
  serializedVersion: 2
  m_ObjectHideFlags: 0
  m_BuildSettings:
    serializedVersion: 2
    agentTypeID: 0
    agentRadius: 0.5
    agentHeight: 2
    agentSlope: 45
    agentClimb: 0.4
    ledgeDropHeight: 0
    maxJumpAcrossDistance: 0
    minRegionArea: 2
    manualCellSize: 0
    cellSize: 0.16666667
    manualTileSize: 0
    tileSize: 256
    accuratePlacement: 0
    maxJobWorkers: 0
    preserveTilesOutsideBounds: 0
    debug:
      m_Flags: 0
  m_NavMeshData: {fileID: 0}
--- !u!4 &310635111 stripped
Transform:
  m_CorrespondingSourceObject: {fileID: 6414329680508011659, guid: c32d4840e70298248aad27ed87214966, type: 3}
  m_PrefabInstance: {fileID: 6414329680197791468}
  m_PrefabAsset: {fileID: 0}
--- !u!1001 &433860574
PrefabInstance:
  m_ObjectHideFlags: 0
  serializedVersion: 2
  m_Modification:
    m_TransformParent: {fileID: 513332548}
    m_Modifications:
    - target: {fileID: 6414329680508011658, guid: c32d4840e70298248aad27ed87214966, type: 3}
      propertyPath: id
      value: 1
      objectReference: {fileID: 0}
    - target: {fileID: 6414329680508011659, guid: c32d4840e70298248aad27ed87214966, type: 3}
      propertyPath: m_RootOrder
      value: 1
      objectReference: {fileID: 0}
    - target: {fileID: 6414329680508011659, guid: c32d4840e70298248aad27ed87214966, type: 3}
      propertyPath: m_LocalPosition.x
      value: 2.01
      objectReference: {fileID: 0}
    - target: {fileID: 6414329680508011659, guid: c32d4840e70298248aad27ed87214966, type: 3}
      propertyPath: m_LocalPosition.y
      value: 0.21999997
      objectReference: {fileID: 0}
    - target: {fileID: 6414329680508011659, guid: c32d4840e70298248aad27ed87214966, type: 3}
      propertyPath: m_LocalPosition.z
      value: 0
      objectReference: {fileID: 0}
    - target: {fileID: 6414329680508011659, guid: c32d4840e70298248aad27ed87214966, type: 3}
      propertyPath: m_LocalRotation.w
      value: 1
      objectReference: {fileID: 0}
    - target: {fileID: 6414329680508011659, guid: c32d4840e70298248aad27ed87214966, type: 3}
      propertyPath: m_LocalRotation.x
      value: -0
      objectReference: {fileID: 0}
    - target: {fileID: 6414329680508011659, guid: c32d4840e70298248aad27ed87214966, type: 3}
      propertyPath: m_LocalRotation.y
      value: -0
      objectReference: {fileID: 0}
    - target: {fileID: 6414329680508011659, guid: c32d4840e70298248aad27ed87214966, type: 3}
      propertyPath: m_LocalRotation.z
      value: -0
      objectReference: {fileID: 0}
    - target: {fileID: 6414329680508011659, guid: c32d4840e70298248aad27ed87214966, type: 3}
      propertyPath: m_LocalEulerAnglesHint.x
      value: 0
      objectReference: {fileID: 0}
    - target: {fileID: 6414329680508011659, guid: c32d4840e70298248aad27ed87214966, type: 3}
      propertyPath: m_LocalEulerAnglesHint.y
      value: 0
      objectReference: {fileID: 0}
    - target: {fileID: 6414329680508011659, guid: c32d4840e70298248aad27ed87214966, type: 3}
      propertyPath: m_LocalEulerAnglesHint.z
      value: 0
      objectReference: {fileID: 0}
    - target: {fileID: 6414329680508011663, guid: c32d4840e70298248aad27ed87214966, type: 3}
      propertyPath: m_Name
      value: Bell (1)
      objectReference: {fileID: 0}
    m_RemovedComponents: []
  m_SourcePrefab: {fileID: 100100000, guid: c32d4840e70298248aad27ed87214966, type: 3}
--- !u!4 &453680636 stripped
Transform:
  m_CorrespondingSourceObject: {fileID: 6414329680508011659, guid: c32d4840e70298248aad27ed87214966, type: 3}
  m_PrefabInstance: {fileID: 433860574}
  m_PrefabAsset: {fileID: 0}
--- !u!1 &513332547
GameObject:
  m_ObjectHideFlags: 0
  m_CorrespondingSourceObject: {fileID: 0}
  m_PrefabInstance: {fileID: 0}
  m_PrefabAsset: {fileID: 0}
  serializedVersion: 6
  m_Component:
  - component: {fileID: 513332548}
  m_Layer: 0
  m_Name: Bells
  m_TagString: Untagged
  m_Icon: {fileID: 0}
  m_NavMeshLayer: 0
  m_StaticEditorFlags: 0
  m_IsActive: 1
--- !u!4 &513332548
Transform:
  m_ObjectHideFlags: 0
  m_CorrespondingSourceObject: {fileID: 0}
  m_PrefabInstance: {fileID: 0}
  m_PrefabAsset: {fileID: 0}
  m_GameObject: {fileID: 513332547}
  m_LocalRotation: {x: 0, y: 0, z: 0, w: 1}
  m_LocalPosition: {x: 0, y: 0, z: 0}
  m_LocalScale: {x: 1, y: 1, z: 1}
  m_Children:
  - {fileID: 310635111}
  - {fileID: 453680636}
  - {fileID: 1465681075}
  m_Father: {fileID: 0}
  m_RootOrder: 9
  m_LocalEulerAnglesHint: {x: 0, y: 0, z: 0}
--- !u!114 &994819516 stripped
MonoBehaviour:
  m_CorrespondingSourceObject: {fileID: 6600552650922383565, guid: 9ec427bd94b1572498ae1555f36bcad8, type: 3}
  m_PrefabInstance: {fileID: 6600552651797225227}
  m_PrefabAsset: {fileID: 0}
  m_GameObject: {fileID: 0}
  m_Enabled: 1
  m_EditorHideFlags: 0
  m_Script: {fileID: 11500000, guid: 889497b0c61434b46b6ffa7fbd46e3e8, type: 3}
  m_Name: 
  m_EditorClassIdentifier: 
--- !u!1001 &1154333991
PrefabInstance:
  m_ObjectHideFlags: 0
  serializedVersion: 2
  m_Modification:
    m_TransformParent: {fileID: 0}
    m_Modifications:
    - target: {fileID: 3879636443193681993, guid: 634cee241e153114698668d9ab1bee80, type: 3}
      propertyPath: initialLives
      value: 5
      objectReference: {fileID: 0}
    - target: {fileID: 3879636443193681993, guid: 634cee241e153114698668d9ab1bee80, type: 3}
      propertyPath: levelDuration
      value: 1200
      objectReference: {fileID: 0}
    - target: {fileID: 8465393156895742955, guid: 634cee241e153114698668d9ab1bee80, type: 3}
      propertyPath: m_RootOrder
      value: 6
      objectReference: {fileID: 0}
    - target: {fileID: 8465393156895742955, guid: 634cee241e153114698668d9ab1bee80, type: 3}
      propertyPath: m_LocalPosition.x
      value: 0
      objectReference: {fileID: 0}
    - target: {fileID: 8465393156895742955, guid: 634cee241e153114698668d9ab1bee80, type: 3}
      propertyPath: m_LocalPosition.y
      value: 0
      objectReference: {fileID: 0}
    - target: {fileID: 8465393156895742955, guid: 634cee241e153114698668d9ab1bee80, type: 3}
      propertyPath: m_LocalPosition.z
      value: 0
      objectReference: {fileID: 0}
    - target: {fileID: 8465393156895742955, guid: 634cee241e153114698668d9ab1bee80, type: 3}
      propertyPath: m_LocalRotation.w
      value: 1
      objectReference: {fileID: 0}
    - target: {fileID: 8465393156895742955, guid: 634cee241e153114698668d9ab1bee80, type: 3}
      propertyPath: m_LocalRotation.x
      value: 0
      objectReference: {fileID: 0}
    - target: {fileID: 8465393156895742955, guid: 634cee241e153114698668d9ab1bee80, type: 3}
      propertyPath: m_LocalRotation.y
      value: 0
      objectReference: {fileID: 0}
    - target: {fileID: 8465393156895742955, guid: 634cee241e153114698668d9ab1bee80, type: 3}
      propertyPath: m_LocalRotation.z
      value: 0
      objectReference: {fileID: 0}
    - target: {fileID: 8465393156895742955, guid: 634cee241e153114698668d9ab1bee80, type: 3}
      propertyPath: m_LocalEulerAnglesHint.x
      value: 0
      objectReference: {fileID: 0}
    - target: {fileID: 8465393156895742955, guid: 634cee241e153114698668d9ab1bee80, type: 3}
      propertyPath: m_LocalEulerAnglesHint.y
      value: 0
      objectReference: {fileID: 0}
    - target: {fileID: 8465393156895742955, guid: 634cee241e153114698668d9ab1bee80, type: 3}
      propertyPath: m_LocalEulerAnglesHint.z
      value: 0
      objectReference: {fileID: 0}
    - target: {fileID: 8465393156895742964, guid: 634cee241e153114698668d9ab1bee80, type: 3}
      propertyPath: m_Enabled
      value: 1
      objectReference: {fileID: 0}
    - target: {fileID: 8465393156895742964, guid: 634cee241e153114698668d9ab1bee80, type: 3}
      propertyPath: triggerTag
      value: start_test
      objectReference: {fileID: 0}
    - target: {fileID: 8465393156895742965, guid: 634cee241e153114698668d9ab1bee80, type: 3}
      propertyPath: m_Name
      value: SceneController
      objectReference: {fileID: 0}
    - target: {fileID: 9217522858821005996, guid: 634cee241e153114698668d9ab1bee80, type: 3}
      propertyPath: tempo
      value: 300
      objectReference: {fileID: 0}
    - target: {fileID: 9217522858821005996, guid: 634cee241e153114698668d9ab1bee80, type: 3}
      propertyPath: sequence
      value: 012
      objectReference: {fileID: 0}
    m_RemovedComponents: []
  m_SourcePrefab: {fileID: 100100000, guid: 634cee241e153114698668d9ab1bee80, type: 3}
--- !u!4 &1465681075 stripped
Transform:
  m_CorrespondingSourceObject: {fileID: 79230580273084378, guid: 84beb912dfd76f449bd278c1a0ee4506, type: 3}
  m_PrefabInstance: {fileID: 79230581738238825}
  m_PrefabAsset: {fileID: 0}
--- !u!1001 &1995109426
PrefabInstance:
  m_ObjectHideFlags: 0
  serializedVersion: 2
  m_Modification:
    m_TransformParent: {fileID: 0}
    m_Modifications:
    - target: {fileID: 622430160110472175, guid: 808b0b4880f3b804e81da3ab4cbe5be5, type: 3}
      propertyPath: m_Size.y
      value: 4.85
      objectReference: {fileID: 0}
    - target: {fileID: 700920133121453228, guid: 808b0b4880f3b804e81da3ab4cbe5be5, type: 3}
      propertyPath: m_Name
      value: BellHorizontal
      objectReference: {fileID: 0}
    - target: {fileID: 700920133121453231, guid: 808b0b4880f3b804e81da3ab4cbe5be5, type: 3}
      propertyPath: m_RootOrder
      value: 1
      objectReference: {fileID: 0}
    - target: {fileID: 700920133121453231, guid: 808b0b4880f3b804e81da3ab4cbe5be5, type: 3}
      propertyPath: m_LocalPosition.x
      value: -5.5384374
      objectReference: {fileID: 0}
    - target: {fileID: 700920133121453231, guid: 808b0b4880f3b804e81da3ab4cbe5be5, type: 3}
      propertyPath: m_LocalPosition.y
      value: -3.29712
      objectReference: {fileID: 0}
    - target: {fileID: 700920133121453231, guid: 808b0b4880f3b804e81da3ab4cbe5be5, type: 3}
      propertyPath: m_LocalPosition.z
      value: 0
      objectReference: {fileID: 0}
    - target: {fileID: 700920133121453231, guid: 808b0b4880f3b804e81da3ab4cbe5be5, type: 3}
      propertyPath: m_LocalRotation.w
      value: 1
      objectReference: {fileID: 0}
    - target: {fileID: 700920133121453231, guid: 808b0b4880f3b804e81da3ab4cbe5be5, type: 3}
      propertyPath: m_LocalRotation.x
      value: 0
      objectReference: {fileID: 0}
    - target: {fileID: 700920133121453231, guid: 808b0b4880f3b804e81da3ab4cbe5be5, type: 3}
      propertyPath: m_LocalRotation.y
      value: 0
      objectReference: {fileID: 0}
    - target: {fileID: 700920133121453231, guid: 808b0b4880f3b804e81da3ab4cbe5be5, type: 3}
      propertyPath: m_LocalRotation.z
      value: 0
      objectReference: {fileID: 0}
    - target: {fileID: 700920133121453231, guid: 808b0b4880f3b804e81da3ab4cbe5be5, type: 3}
      propertyPath: m_LocalEulerAnglesHint.x
      value: 0
      objectReference: {fileID: 0}
    - target: {fileID: 700920133121453231, guid: 808b0b4880f3b804e81da3ab4cbe5be5, type: 3}
      propertyPath: m_LocalEulerAnglesHint.y
      value: 0
      objectReference: {fileID: 0}
    - target: {fileID: 700920133121453231, guid: 808b0b4880f3b804e81da3ab4cbe5be5, type: 3}
      propertyPath: m_LocalEulerAnglesHint.z
      value: 0
      objectReference: {fileID: 0}
    m_RemovedComponents: []
  m_SourcePrefab: {fileID: 100100000, guid: 808b0b4880f3b804e81da3ab4cbe5be5, type: 3}
--- !u!1001 &18637416231114185
PrefabInstance:
  m_ObjectHideFlags: 0
  serializedVersion: 2
  m_Modification:
    m_TransformParent: {fileID: 0}
    m_Modifications:
    - target: {fileID: 18637415778954569, guid: 41695bbef5448e7459961db09710aa12, type: 3}
      propertyPath: m_RootOrder
      value: 0
      objectReference: {fileID: 0}
    - target: {fileID: 18637415778954569, guid: 41695bbef5448e7459961db09710aa12, type: 3}
      propertyPath: m_LocalPosition.x
      value: -0.5
      objectReference: {fileID: 0}
    - target: {fileID: 18637415778954569, guid: 41695bbef5448e7459961db09710aa12, type: 3}
      propertyPath: m_LocalPosition.y
      value: -0.5
      objectReference: {fileID: 0}
    - target: {fileID: 18637415778954569, guid: 41695bbef5448e7459961db09710aa12, type: 3}
      propertyPath: m_LocalPosition.z
      value: -10
      objectReference: {fileID: 0}
    - target: {fileID: 18637415778954569, guid: 41695bbef5448e7459961db09710aa12, type: 3}
      propertyPath: m_LocalRotation.w
      value: 1
      objectReference: {fileID: 0}
    - target: {fileID: 18637415778954569, guid: 41695bbef5448e7459961db09710aa12, type: 3}
      propertyPath: m_LocalRotation.x
      value: 0
      objectReference: {fileID: 0}
    - target: {fileID: 18637415778954569, guid: 41695bbef5448e7459961db09710aa12, type: 3}
      propertyPath: m_LocalRotation.y
      value: 0
      objectReference: {fileID: 0}
    - target: {fileID: 18637415778954569, guid: 41695bbef5448e7459961db09710aa12, type: 3}
      propertyPath: m_LocalRotation.z
      value: 0
      objectReference: {fileID: 0}
    - target: {fileID: 18637415778954569, guid: 41695bbef5448e7459961db09710aa12, type: 3}
      propertyPath: m_LocalEulerAnglesHint.x
      value: 0
      objectReference: {fileID: 0}
    - target: {fileID: 18637415778954569, guid: 41695bbef5448e7459961db09710aa12, type: 3}
      propertyPath: m_LocalEulerAnglesHint.y
      value: 0
      objectReference: {fileID: 0}
    - target: {fileID: 18637415778954569, guid: 41695bbef5448e7459961db09710aa12, type: 3}
      propertyPath: m_LocalEulerAnglesHint.z
      value: 0
      objectReference: {fileID: 0}
    - target: {fileID: 18637415778954677, guid: 41695bbef5448e7459961db09710aa12, type: 3}
      propertyPath: m_Name
      value: Main Camera
      objectReference: {fileID: 0}
    m_RemovedComponents: []
  m_SourcePrefab: {fileID: 100100000, guid: 41695bbef5448e7459961db09710aa12, type: 3}
--- !u!1001 &79230581738238825
PrefabInstance:
  m_ObjectHideFlags: 0
  serializedVersion: 2
  m_Modification:
    m_TransformParent: {fileID: 513332548}
    m_Modifications:
    - target: {fileID: 79230580273084377, guid: 84beb912dfd76f449bd278c1a0ee4506, type: 3}
      propertyPath: m_Name
      value: BellVertical
      objectReference: {fileID: 0}
    - target: {fileID: 79230580273084378, guid: 84beb912dfd76f449bd278c1a0ee4506, type: 3}
      propertyPath: m_RootOrder
      value: 2
      objectReference: {fileID: 0}
    - target: {fileID: 79230580273084378, guid: 84beb912dfd76f449bd278c1a0ee4506, type: 3}
      propertyPath: m_LocalPosition.x
      value: 4.65
      objectReference: {fileID: 0}
    - target: {fileID: 79230580273084378, guid: 84beb912dfd76f449bd278c1a0ee4506, type: 3}
      propertyPath: m_LocalPosition.y
      value: 1.72
      objectReference: {fileID: 0}
    - target: {fileID: 79230580273084378, guid: 84beb912dfd76f449bd278c1a0ee4506, type: 3}
      propertyPath: m_LocalPosition.z
      value: 0
      objectReference: {fileID: 0}
    - target: {fileID: 79230580273084378, guid: 84beb912dfd76f449bd278c1a0ee4506, type: 3}
      propertyPath: m_LocalRotation.w
      value: 1
      objectReference: {fileID: 0}
    - target: {fileID: 79230580273084378, guid: 84beb912dfd76f449bd278c1a0ee4506, type: 3}
      propertyPath: m_LocalRotation.x
      value: -0
      objectReference: {fileID: 0}
    - target: {fileID: 79230580273084378, guid: 84beb912dfd76f449bd278c1a0ee4506, type: 3}
      propertyPath: m_LocalRotation.y
      value: -0
      objectReference: {fileID: 0}
    - target: {fileID: 79230580273084378, guid: 84beb912dfd76f449bd278c1a0ee4506, type: 3}
      propertyPath: m_LocalRotation.z
      value: -0
      objectReference: {fileID: 0}
    - target: {fileID: 79230580273084378, guid: 84beb912dfd76f449bd278c1a0ee4506, type: 3}
      propertyPath: m_LocalEulerAnglesHint.x
      value: 0
      objectReference: {fileID: 0}
    - target: {fileID: 79230580273084378, guid: 84beb912dfd76f449bd278c1a0ee4506, type: 3}
      propertyPath: m_LocalEulerAnglesHint.y
      value: 0
      objectReference: {fileID: 0}
    - target: {fileID: 79230580273084378, guid: 84beb912dfd76f449bd278c1a0ee4506, type: 3}
      propertyPath: m_LocalEulerAnglesHint.z
      value: 0
      objectReference: {fileID: 0}
    - target: {fileID: 79230580466944870, guid: 84beb912dfd76f449bd278c1a0ee4506, type: 3}
      propertyPath: m_LocalPosition.y
      value: -2.81
      objectReference: {fileID: 0}
    - target: {fileID: 79230580466944871, guid: 84beb912dfd76f449bd278c1a0ee4506, type: 3}
      propertyPath: m_Size.y
      value: 2.81
      objectReference: {fileID: 0}
    - target: {fileID: 79230582059029586, guid: 84beb912dfd76f449bd278c1a0ee4506, type: 3}
      propertyPath: m_LocalPosition.x
      value: 0
      objectReference: {fileID: 0}
    - target: {fileID: 79230582059029586, guid: 84beb912dfd76f449bd278c1a0ee4506, type: 3}
      propertyPath: m_LocalPosition.y
      value: -0.92
      objectReference: {fileID: 0}
    - target: {fileID: 79230582221089527, guid: 84beb912dfd76f449bd278c1a0ee4506, type: 3}
      propertyPath: m_LocalPosition.x
      value: 0
      objectReference: {fileID: 0}
    - target: {fileID: 79230582221089527, guid: 84beb912dfd76f449bd278c1a0ee4506, type: 3}
      propertyPath: m_LocalPosition.y
      value: -4.12
      objectReference: {fileID: 0}
    - target: {fileID: 972960255870443879, guid: 84beb912dfd76f449bd278c1a0ee4506, type: 3}
      propertyPath: m_LocalPosition.x
      value: 0
      objectReference: {fileID: 0}
    - target: {fileID: 972960255870443879, guid: 84beb912dfd76f449bd278c1a0ee4506, type: 3}
      propertyPath: m_LocalPosition.y
      value: -2.81
      objectReference: {fileID: 0}
    m_RemovedComponents: []
  m_SourcePrefab: {fileID: 100100000, guid: 84beb912dfd76f449bd278c1a0ee4506, type: 3}
--- !u!1001 &468048166377070781
PrefabInstance:
  m_ObjectHideFlags: 0
  serializedVersion: 2
  m_Modification:
    m_TransformParent: {fileID: 0}
    m_Modifications:
    - target: {fileID: 468048165110434044, guid: 53f0947d63be6b24eb0e40a23d6e9a77, type: 3}
      propertyPath: m_Name
      value: Grid
      objectReference: {fileID: 0}
    - target: {fileID: 468048165110434046, guid: 53f0947d63be6b24eb0e40a23d6e9a77, type: 3}
      propertyPath: m_RootOrder
      value: 3
      objectReference: {fileID: 0}
    - target: {fileID: 468048165110434046, guid: 53f0947d63be6b24eb0e40a23d6e9a77, type: 3}
      propertyPath: m_LocalPosition.x
      value: -0.5
      objectReference: {fileID: 0}
    - target: {fileID: 468048165110434046, guid: 53f0947d63be6b24eb0e40a23d6e9a77, type: 3}
      propertyPath: m_LocalPosition.y
      value: -0.5
      objectReference: {fileID: 0}
    - target: {fileID: 468048165110434046, guid: 53f0947d63be6b24eb0e40a23d6e9a77, type: 3}
      propertyPath: m_LocalPosition.z
      value: 0
      objectReference: {fileID: 0}
    - target: {fileID: 468048165110434046, guid: 53f0947d63be6b24eb0e40a23d6e9a77, type: 3}
      propertyPath: m_LocalRotation.w
      value: 1
      objectReference: {fileID: 0}
    - target: {fileID: 468048165110434046, guid: 53f0947d63be6b24eb0e40a23d6e9a77, type: 3}
      propertyPath: m_LocalRotation.x
      value: 0
      objectReference: {fileID: 0}
    - target: {fileID: 468048165110434046, guid: 53f0947d63be6b24eb0e40a23d6e9a77, type: 3}
      propertyPath: m_LocalRotation.y
      value: 0
      objectReference: {fileID: 0}
    - target: {fileID: 468048165110434046, guid: 53f0947d63be6b24eb0e40a23d6e9a77, type: 3}
      propertyPath: m_LocalRotation.z
      value: 0
      objectReference: {fileID: 0}
    - target: {fileID: 468048165110434046, guid: 53f0947d63be6b24eb0e40a23d6e9a77, type: 3}
      propertyPath: m_LocalEulerAnglesHint.x
      value: 0
      objectReference: {fileID: 0}
    - target: {fileID: 468048165110434046, guid: 53f0947d63be6b24eb0e40a23d6e9a77, type: 3}
      propertyPath: m_LocalEulerAnglesHint.y
      value: 0
      objectReference: {fileID: 0}
    - target: {fileID: 468048165110434046, guid: 53f0947d63be6b24eb0e40a23d6e9a77, type: 3}
      propertyPath: m_LocalEulerAnglesHint.z
      value: 0
      objectReference: {fileID: 0}
    m_RemovedComponents: []
  m_SourcePrefab: {fileID: 100100000, guid: 53f0947d63be6b24eb0e40a23d6e9a77, type: 3}
--- !u!1001 &3442448404347653768
PrefabInstance:
  m_ObjectHideFlags: 0
  serializedVersion: 2
  m_Modification:
    m_TransformParent: {fileID: 0}
    m_Modifications:
    - target: {fileID: 3442448403856961402, guid: 385ef3bac8db1cb488e3c211911e5ffd, type: 3}
      propertyPath: m_Name
      value: Character
      objectReference: {fileID: 0}
    - target: {fileID: 3442448403856961404, guid: 385ef3bac8db1cb488e3c211911e5ffd, type: 3}
      propertyPath: m_RootOrder
      value: 4
      objectReference: {fileID: 0}
    - target: {fileID: 3442448403856961404, guid: 385ef3bac8db1cb488e3c211911e5ffd, type: 3}
      propertyPath: m_LocalPosition.x
      value: 0.99
      objectReference: {fileID: 0}
    - target: {fileID: 3442448403856961404, guid: 385ef3bac8db1cb488e3c211911e5ffd, type: 3}
      propertyPath: m_LocalPosition.y
      value: -0.22
      objectReference: {fileID: 0}
    - target: {fileID: 3442448403856961404, guid: 385ef3bac8db1cb488e3c211911e5ffd, type: 3}
      propertyPath: m_LocalPosition.z
      value: 0
      objectReference: {fileID: 0}
    - target: {fileID: 3442448403856961404, guid: 385ef3bac8db1cb488e3c211911e5ffd, type: 3}
      propertyPath: m_LocalRotation.w
      value: 1
      objectReference: {fileID: 0}
    - target: {fileID: 3442448403856961404, guid: 385ef3bac8db1cb488e3c211911e5ffd, type: 3}
      propertyPath: m_LocalRotation.x
      value: 0
      objectReference: {fileID: 0}
    - target: {fileID: 3442448403856961404, guid: 385ef3bac8db1cb488e3c211911e5ffd, type: 3}
      propertyPath: m_LocalRotation.y
      value: 0
      objectReference: {fileID: 0}
    - target: {fileID: 3442448403856961404, guid: 385ef3bac8db1cb488e3c211911e5ffd, type: 3}
      propertyPath: m_LocalRotation.z
      value: 0
      objectReference: {fileID: 0}
    - target: {fileID: 3442448403856961404, guid: 385ef3bac8db1cb488e3c211911e5ffd, type: 3}
      propertyPath: m_LocalEulerAnglesHint.x
      value: 0
      objectReference: {fileID: 0}
    - target: {fileID: 3442448403856961404, guid: 385ef3bac8db1cb488e3c211911e5ffd, type: 3}
      propertyPath: m_LocalEulerAnglesHint.y
      value: 0
      objectReference: {fileID: 0}
    - target: {fileID: 3442448403856961404, guid: 385ef3bac8db1cb488e3c211911e5ffd, type: 3}
      propertyPath: m_LocalEulerAnglesHint.z
      value: 0
      objectReference: {fileID: 0}
    m_RemovedComponents: []
  m_SourcePrefab: {fileID: 100100000, guid: 385ef3bac8db1cb488e3c211911e5ffd, type: 3}
--- !u!1001 &3692713168174708517
PrefabInstance:
  m_ObjectHideFlags: 0
  serializedVersion: 2
  m_Modification:
    m_TransformParent: {fileID: 0}
    m_Modifications:
    - target: {fileID: 1541879771297213029, guid: 96af51d6f5ea4984583d1db9b7377890, type: 3}
      propertyPath: m_fontSizeBase
      value: 30
      objectReference: {fileID: 0}
    - target: {fileID: 3692713167131349323, guid: 96af51d6f5ea4984583d1db9b7377890, type: 3}
      propertyPath: m_Name
      value: Canvas
      objectReference: {fileID: 0}
    - target: {fileID: 3692713167131349335, guid: 96af51d6f5ea4984583d1db9b7377890, type: 3}
      propertyPath: m_Pivot.x
      value: 0
      objectReference: {fileID: 0}
    - target: {fileID: 3692713167131349335, guid: 96af51d6f5ea4984583d1db9b7377890, type: 3}
      propertyPath: m_Pivot.y
      value: 0
      objectReference: {fileID: 0}
    - target: {fileID: 3692713167131349335, guid: 96af51d6f5ea4984583d1db9b7377890, type: 3}
      propertyPath: m_RootOrder
      value: 2
      objectReference: {fileID: 0}
    - target: {fileID: 3692713167131349335, guid: 96af51d6f5ea4984583d1db9b7377890, type: 3}
      propertyPath: m_AnchorMax.x
      value: 0
      objectReference: {fileID: 0}
    - target: {fileID: 3692713167131349335, guid: 96af51d6f5ea4984583d1db9b7377890, type: 3}
      propertyPath: m_AnchorMax.y
      value: 0
      objectReference: {fileID: 0}
    - target: {fileID: 3692713167131349335, guid: 96af51d6f5ea4984583d1db9b7377890, type: 3}
      propertyPath: m_AnchorMin.x
      value: 0
      objectReference: {fileID: 0}
    - target: {fileID: 3692713167131349335, guid: 96af51d6f5ea4984583d1db9b7377890, type: 3}
      propertyPath: m_AnchorMin.y
      value: 0
      objectReference: {fileID: 0}
    - target: {fileID: 3692713167131349335, guid: 96af51d6f5ea4984583d1db9b7377890, type: 3}
      propertyPath: m_SizeDelta.x
      value: 0
      objectReference: {fileID: 0}
    - target: {fileID: 3692713167131349335, guid: 96af51d6f5ea4984583d1db9b7377890, type: 3}
      propertyPath: m_SizeDelta.y
      value: 0
      objectReference: {fileID: 0}
    - target: {fileID: 3692713167131349335, guid: 96af51d6f5ea4984583d1db9b7377890, type: 3}
      propertyPath: m_LocalPosition.x
      value: 0
      objectReference: {fileID: 0}
    - target: {fileID: 3692713167131349335, guid: 96af51d6f5ea4984583d1db9b7377890, type: 3}
      propertyPath: m_LocalPosition.y
      value: 0
      objectReference: {fileID: 0}
    - target: {fileID: 3692713167131349335, guid: 96af51d6f5ea4984583d1db9b7377890, type: 3}
      propertyPath: m_LocalPosition.z
      value: 0
      objectReference: {fileID: 0}
    - target: {fileID: 3692713167131349335, guid: 96af51d6f5ea4984583d1db9b7377890, type: 3}
      propertyPath: m_LocalRotation.w
      value: 1
      objectReference: {fileID: 0}
    - target: {fileID: 3692713167131349335, guid: 96af51d6f5ea4984583d1db9b7377890, type: 3}
      propertyPath: m_LocalRotation.x
      value: 0
      objectReference: {fileID: 0}
    - target: {fileID: 3692713167131349335, guid: 96af51d6f5ea4984583d1db9b7377890, type: 3}
      propertyPath: m_LocalRotation.y
      value: 0
      objectReference: {fileID: 0}
    - target: {fileID: 3692713167131349335, guid: 96af51d6f5ea4984583d1db9b7377890, type: 3}
      propertyPath: m_LocalRotation.z
      value: 0
      objectReference: {fileID: 0}
    - target: {fileID: 3692713167131349335, guid: 96af51d6f5ea4984583d1db9b7377890, type: 3}
      propertyPath: m_AnchoredPosition.x
      value: 0
      objectReference: {fileID: 0}
    - target: {fileID: 3692713167131349335, guid: 96af51d6f5ea4984583d1db9b7377890, type: 3}
      propertyPath: m_AnchoredPosition.y
      value: 0
      objectReference: {fileID: 0}
    - target: {fileID: 3692713167131349335, guid: 96af51d6f5ea4984583d1db9b7377890, type: 3}
      propertyPath: m_LocalEulerAnglesHint.x
      value: 0
      objectReference: {fileID: 0}
    - target: {fileID: 3692713167131349335, guid: 96af51d6f5ea4984583d1db9b7377890, type: 3}
      propertyPath: m_LocalEulerAnglesHint.y
      value: 0
      objectReference: {fileID: 0}
    - target: {fileID: 3692713167131349335, guid: 96af51d6f5ea4984583d1db9b7377890, type: 3}
      propertyPath: m_LocalEulerAnglesHint.z
      value: 0
      objectReference: {fileID: 0}
    - target: {fileID: 4120491763861275137, guid: 96af51d6f5ea4984583d1db9b7377890, type: 3}
      propertyPath: m_AnchorMax.y
      value: 0
      objectReference: {fileID: 0}
    - target: {fileID: 4120491763861275137, guid: 96af51d6f5ea4984583d1db9b7377890, type: 3}
      propertyPath: m_AnchorMin.y
      value: 0
      objectReference: {fileID: 0}
    - target: {fileID: 4120491763861275137, guid: 96af51d6f5ea4984583d1db9b7377890, type: 3}
      propertyPath: m_AnchoredPosition.x
      value: 0
      objectReference: {fileID: 0}
    - target: {fileID: 4120491763861275137, guid: 96af51d6f5ea4984583d1db9b7377890, type: 3}
      propertyPath: m_AnchoredPosition.y
      value: 0
      objectReference: {fileID: 0}
    m_RemovedComponents: []
  m_SourcePrefab: {fileID: 100100000, guid: 96af51d6f5ea4984583d1db9b7377890, type: 3}
--- !u!1001 &5539921009226007853
PrefabInstance:
  m_ObjectHideFlags: 0
  serializedVersion: 2
  m_Modification:
    m_TransformParent: {fileID: 0}
    m_Modifications:
    - target: {fileID: 5539921008144138656, guid: 3c91ea27048b7a24fa822702098cdbf7, type: 3}
      propertyPath: m_Name
      value: Pendulum
      objectReference: {fileID: 0}
    - target: {fileID: 5539921008144138659, guid: 3c91ea27048b7a24fa822702098cdbf7, type: 3}
      propertyPath: m_RootOrder
      value: 8
      objectReference: {fileID: 0}
    - target: {fileID: 5539921008144138659, guid: 3c91ea27048b7a24fa822702098cdbf7, type: 3}
      propertyPath: m_LocalPosition.x
      value: -5.62
      objectReference: {fileID: 0}
    - target: {fileID: 5539921008144138659, guid: 3c91ea27048b7a24fa822702098cdbf7, type: 3}
      propertyPath: m_LocalPosition.y
      value: 0.48
      objectReference: {fileID: 0}
    - target: {fileID: 5539921008144138659, guid: 3c91ea27048b7a24fa822702098cdbf7, type: 3}
      propertyPath: m_LocalPosition.z
      value: 0
      objectReference: {fileID: 0}
    - target: {fileID: 5539921008144138659, guid: 3c91ea27048b7a24fa822702098cdbf7, type: 3}
      propertyPath: m_LocalRotation.w
      value: 1
      objectReference: {fileID: 0}
    - target: {fileID: 5539921008144138659, guid: 3c91ea27048b7a24fa822702098cdbf7, type: 3}
      propertyPath: m_LocalRotation.x
      value: 0
      objectReference: {fileID: 0}
    - target: {fileID: 5539921008144138659, guid: 3c91ea27048b7a24fa822702098cdbf7, type: 3}
      propertyPath: m_LocalRotation.y
      value: 0
      objectReference: {fileID: 0}
    - target: {fileID: 5539921008144138659, guid: 3c91ea27048b7a24fa822702098cdbf7, type: 3}
      propertyPath: m_LocalRotation.z
      value: 0
      objectReference: {fileID: 0}
    - target: {fileID: 5539921008144138659, guid: 3c91ea27048b7a24fa822702098cdbf7, type: 3}
      propertyPath: m_LocalEulerAnglesHint.x
      value: 0
      objectReference: {fileID: 0}
    - target: {fileID: 5539921008144138659, guid: 3c91ea27048b7a24fa822702098cdbf7, type: 3}
      propertyPath: m_LocalEulerAnglesHint.y
      value: 0
      objectReference: {fileID: 0}
    - target: {fileID: 5539921008144138659, guid: 3c91ea27048b7a24fa822702098cdbf7, type: 3}
      propertyPath: m_LocalEulerAnglesHint.z
      value: 0
      objectReference: {fileID: 0}
    - target: {fileID: 5539921008210226485, guid: 3c91ea27048b7a24fa822702098cdbf7, type: 3}
      propertyPath: m_LocalPosition.y
      value: -1.4308738
      objectReference: {fileID: 0}
    - target: {fileID: 5539921008210226490, guid: 3c91ea27048b7a24fa822702098cdbf7, type: 3}
      propertyPath: m_Size.y
      value: 1.4308738
      objectReference: {fileID: 0}
    - target: {fileID: 5539921008945973753, guid: 3c91ea27048b7a24fa822702098cdbf7, type: 3}
      propertyPath: m_LocalPosition.y
      value: -1.4308738
      objectReference: {fileID: 0}
    - target: {fileID: 5539921009387541575, guid: 3c91ea27048b7a24fa822702098cdbf7, type: 3}
      propertyPath: m_LocalPosition.x
      value: 0.95
      objectReference: {fileID: 0}
    - target: {fileID: 5539921009387541575, guid: 3c91ea27048b7a24fa822702098cdbf7, type: 3}
      propertyPath: m_LocalPosition.y
      value: -1.07
      objectReference: {fileID: 0}
    m_RemovedComponents: []
  m_SourcePrefab: {fileID: 100100000, guid: 3c91ea27048b7a24fa822702098cdbf7, type: 3}
--- !u!1001 &6414329680197791468
PrefabInstance:
  m_ObjectHideFlags: 0
  serializedVersion: 2
  m_Modification:
    m_TransformParent: {fileID: 513332548}
    m_Modifications:
    - target: {fileID: 6414329680508011659, guid: c32d4840e70298248aad27ed87214966, type: 3}
      propertyPath: m_RootOrder
      value: 0
      objectReference: {fileID: 0}
    - target: {fileID: 6414329680508011659, guid: c32d4840e70298248aad27ed87214966, type: 3}
      propertyPath: m_LocalPosition.x
      value: -2.49
      objectReference: {fileID: 0}
    - target: {fileID: 6414329680508011659, guid: c32d4840e70298248aad27ed87214966, type: 3}
      propertyPath: m_LocalPosition.y
      value: 0.21999997
      objectReference: {fileID: 0}
    - target: {fileID: 6414329680508011659, guid: c32d4840e70298248aad27ed87214966, type: 3}
      propertyPath: m_LocalPosition.z
      value: 0
      objectReference: {fileID: 0}
    - target: {fileID: 6414329680508011659, guid: c32d4840e70298248aad27ed87214966, type: 3}
      propertyPath: m_LocalRotation.w
      value: 1
      objectReference: {fileID: 0}
    - target: {fileID: 6414329680508011659, guid: c32d4840e70298248aad27ed87214966, type: 3}
      propertyPath: m_LocalRotation.x
      value: -0
      objectReference: {fileID: 0}
    - target: {fileID: 6414329680508011659, guid: c32d4840e70298248aad27ed87214966, type: 3}
      propertyPath: m_LocalRotation.y
      value: -0
      objectReference: {fileID: 0}
    - target: {fileID: 6414329680508011659, guid: c32d4840e70298248aad27ed87214966, type: 3}
      propertyPath: m_LocalRotation.z
      value: -0
      objectReference: {fileID: 0}
    - target: {fileID: 6414329680508011659, guid: c32d4840e70298248aad27ed87214966, type: 3}
      propertyPath: m_LocalEulerAnglesHint.x
      value: 0
      objectReference: {fileID: 0}
    - target: {fileID: 6414329680508011659, guid: c32d4840e70298248aad27ed87214966, type: 3}
      propertyPath: m_LocalEulerAnglesHint.y
      value: 0
      objectReference: {fileID: 0}
    - target: {fileID: 6414329680508011659, guid: c32d4840e70298248aad27ed87214966, type: 3}
      propertyPath: m_LocalEulerAnglesHint.z
      value: 0
      objectReference: {fileID: 0}
    - target: {fileID: 6414329680508011663, guid: c32d4840e70298248aad27ed87214966, type: 3}
      propertyPath: m_Name
      value: Bell
      objectReference: {fileID: 0}
    m_RemovedComponents: []
  m_SourcePrefab: {fileID: 100100000, guid: c32d4840e70298248aad27ed87214966, type: 3}
--- !u!1001 &6600552651797225227
PrefabInstance:
  m_ObjectHideFlags: 0
  serializedVersion: 2
  m_Modification:
    m_TransformParent: {fileID: 0}
    m_Modifications:
    - target: {fileID: 6600552650922383564, guid: 9ec427bd94b1572498ae1555f36bcad8, type: 3}
      propertyPath: m_RootOrder
      value: 7
      objectReference: {fileID: 0}
    - target: {fileID: 6600552650922383564, guid: 9ec427bd94b1572498ae1555f36bcad8, type: 3}
      propertyPath: m_LocalPosition.x
      value: 0
      objectReference: {fileID: 0}
    - target: {fileID: 6600552650922383564, guid: 9ec427bd94b1572498ae1555f36bcad8, type: 3}
      propertyPath: m_LocalPosition.y
      value: 0
      objectReference: {fileID: 0}
    - target: {fileID: 6600552650922383564, guid: 9ec427bd94b1572498ae1555f36bcad8, type: 3}
      propertyPath: m_LocalPosition.z
      value: 0
      objectReference: {fileID: 0}
    - target: {fileID: 6600552650922383564, guid: 9ec427bd94b1572498ae1555f36bcad8, type: 3}
      propertyPath: m_LocalRotation.w
      value: 1
      objectReference: {fileID: 0}
    - target: {fileID: 6600552650922383564, guid: 9ec427bd94b1572498ae1555f36bcad8, type: 3}
      propertyPath: m_LocalRotation.x
      value: 0
      objectReference: {fileID: 0}
    - target: {fileID: 6600552650922383564, guid: 9ec427bd94b1572498ae1555f36bcad8, type: 3}
      propertyPath: m_LocalRotation.y
      value: 0
      objectReference: {fileID: 0}
    - target: {fileID: 6600552650922383564, guid: 9ec427bd94b1572498ae1555f36bcad8, type: 3}
      propertyPath: m_LocalRotation.z
      value: 0
      objectReference: {fileID: 0}
    - target: {fileID: 6600552650922383564, guid: 9ec427bd94b1572498ae1555f36bcad8, type: 3}
      propertyPath: m_LocalEulerAnglesHint.x
      value: 0
      objectReference: {fileID: 0}
    - target: {fileID: 6600552650922383564, guid: 9ec427bd94b1572498ae1555f36bcad8, type: 3}
      propertyPath: m_LocalEulerAnglesHint.y
      value: 0
      objectReference: {fileID: 0}
    - target: {fileID: 6600552650922383564, guid: 9ec427bd94b1572498ae1555f36bcad8, type: 3}
      propertyPath: m_LocalEulerAnglesHint.z
      value: 0
      objectReference: {fileID: 0}
    - target: {fileID: 6600552650922383565, guid: 9ec427bd94b1572498ae1555f36bcad8, type: 3}
      propertyPath: spawnActionDebug.spawnPreset.speed
      value: 5
      objectReference: {fileID: 0}
    - target: {fileID: 6600552650922383565, guid: 9ec427bd94b1572498ae1555f36bcad8, type: 3}
      propertyPath: spawnActionDebug.spawnPreset.amplitude
      value: 5
      objectReference: {fileID: 0}
    - target: {fileID: 6600552650922383565, guid: 9ec427bd94b1572498ae1555f36bcad8, type: 3}
      propertyPath: spawnActionDebug.spawnPreset.triggerTag
      value: test8
      objectReference: {fileID: 0}
    - target: {fileID: 6600552650922383565, guid: 9ec427bd94b1572498ae1555f36bcad8, type: 3}
      propertyPath: spawnActionDebug.spawnPreset.projectileName
      value: bat
      objectReference: {fileID: 0}
    - target: {fileID: 6600552650922383565, guid: 9ec427bd94b1572498ae1555f36bcad8, type: 3}
      propertyPath: scenario.m_PersistentCalls.m_Calls.Array.size
      value: 0
      objectReference: {fileID: 0}
    - target: {fileID: 6600552650922383565, guid: 9ec427bd94b1572498ae1555f36bcad8, type: 3}
      propertyPath: scenario.m_PersistentCalls.m_Calls.Array.data[0].m_Mode
      value: 1
      objectReference: {fileID: 0}
    - target: {fileID: 6600552650922383565, guid: 9ec427bd94b1572498ae1555f36bcad8, type: 3}
      propertyPath: scenario.m_PersistentCalls.m_Calls.Array.data[0].m_Target
      value: 
      objectReference: {fileID: 994819516}
    - target: {fileID: 6600552650922383565, guid: 9ec427bd94b1572498ae1555f36bcad8, type: 3}
      propertyPath: scenario.m_PersistentCalls.m_Calls.Array.data[0].m_CallState
      value: 2
      objectReference: {fileID: 0}
    - target: {fileID: 6600552650922383565, guid: 9ec427bd94b1572498ae1555f36bcad8, type: 3}
      propertyPath: scenario.m_PersistentCalls.m_Calls.Array.data[0].m_MethodName
      value: JsonTestScenario
      objectReference: {fileID: 0}
    - target: {fileID: 6600552650922383565, guid: 9ec427bd94b1572498ae1555f36bcad8, type: 3}
      propertyPath: scenario.m_PersistentCalls.m_Calls.Array.data[0].m_TargetAssemblyTypeName
      value: SpawnerController, Assembly-CSharp
      objectReference: {fileID: 0}
    - target: {fileID: 6600552650922383565, guid: 9ec427bd94b1572498ae1555f36bcad8, type: 3}
      propertyPath: scenario.m_PersistentCalls.m_Calls.Array.data[0].m_Arguments.m_ObjectArgumentAssemblyTypeName
      value: UnityEngine.Object, UnityEngine
      objectReference: {fileID: 0}
    - target: {fileID: 6600552650922383566, guid: 9ec427bd94b1572498ae1555f36bcad8, type: 3}
      propertyPath: m_Name
      value: Spawner
      objectReference: {fileID: 0}
    - target: {fileID: 6600552650922383566, guid: 9ec427bd94b1572498ae1555f36bcad8, type: 3}
      propertyPath: m_IsActive
      value: 1
      objectReference: {fileID: 0}
    m_RemovedComponents: []
  m_SourcePrefab: {fileID: 100100000, guid: 9ec427bd94b1572498ae1555f36bcad8, type: 3}
--- !u!1001 &7227378413124649290
PrefabInstance:
  m_ObjectHideFlags: 0
  serializedVersion: 2
  m_Modification:
    m_TransformParent: {fileID: 0}
    m_Modifications:
    - target: {fileID: 7227378412286111153, guid: 326864fe071730b49aeb5dca738ee1ed, type: 3}
      propertyPath: m_Name
      value: EventSystem
      objectReference: {fileID: 0}
    - target: {fileID: 7227378412286111156, guid: 326864fe071730b49aeb5dca738ee1ed, type: 3}
      propertyPath: m_RootOrder
      value: 5
      objectReference: {fileID: 0}
    - target: {fileID: 7227378412286111156, guid: 326864fe071730b49aeb5dca738ee1ed, type: 3}
      propertyPath: m_LocalPosition.x
      value: 0
      objectReference: {fileID: 0}
    - target: {fileID: 7227378412286111156, guid: 326864fe071730b49aeb5dca738ee1ed, type: 3}
      propertyPath: m_LocalPosition.y
      value: 0
      objectReference: {fileID: 0}
    - target: {fileID: 7227378412286111156, guid: 326864fe071730b49aeb5dca738ee1ed, type: 3}
      propertyPath: m_LocalPosition.z
      value: 0
      objectReference: {fileID: 0}
    - target: {fileID: 7227378412286111156, guid: 326864fe071730b49aeb5dca738ee1ed, type: 3}
      propertyPath: m_LocalRotation.w
      value: 1
      objectReference: {fileID: 0}
    - target: {fileID: 7227378412286111156, guid: 326864fe071730b49aeb5dca738ee1ed, type: 3}
      propertyPath: m_LocalRotation.x
      value: 0
      objectReference: {fileID: 0}
    - target: {fileID: 7227378412286111156, guid: 326864fe071730b49aeb5dca738ee1ed, type: 3}
      propertyPath: m_LocalRotation.y
      value: 0
      objectReference: {fileID: 0}
    - target: {fileID: 7227378412286111156, guid: 326864fe071730b49aeb5dca738ee1ed, type: 3}
      propertyPath: m_LocalRotation.z
      value: 0
      objectReference: {fileID: 0}
    - target: {fileID: 7227378412286111156, guid: 326864fe071730b49aeb5dca738ee1ed, type: 3}
      propertyPath: m_LocalEulerAnglesHint.x
      value: 0
      objectReference: {fileID: 0}
    - target: {fileID: 7227378412286111156, guid: 326864fe071730b49aeb5dca738ee1ed, type: 3}
      propertyPath: m_LocalEulerAnglesHint.y
      value: 0
      objectReference: {fileID: 0}
    - target: {fileID: 7227378412286111156, guid: 326864fe071730b49aeb5dca738ee1ed, type: 3}
      propertyPath: m_LocalEulerAnglesHint.z
      value: 0
      objectReference: {fileID: 0}
    m_RemovedComponents: []
  m_SourcePrefab: {fileID: 100100000, guid: 326864fe071730b49aeb5dca738ee1ed, type: 3}
